@manual{
	notice,
	title = "Étude du schéma de désintégration du Cobalt 57",
	note = "",
    author = "LPHE",
    date = "2012-09-18"
}
