@manual{key,
  author = {Section de Physique, EPFL},
  title = {Photo√©mission Interne},
  year = {2006}
}