@book{burke_introduction_2013,
	location = {Cambridge},
	edition = {3rd ed., 1st paperback edition},
	title = {An introduction to radio astronomy},
	isbn = {978-1-107-67260-4},
	pagetotal = {444},
	publisher = {Cambridge Univ. Press},
	author = {Burke, Bernard F. and Graham-Smith, Francis},
	date = {2013},
}

@unpublished{interdisciplinary_project_2022,
  author = {Dahinden, Dominic and Robin, Oriane and Potdevin, Joséphine},
  note = {EPFL},
  title = {Interdisciplinary Project: Small Radio Telescope Antenna},
  year = {2022},
  date = {22/02/2022}
}

@manual{installation_manual_2022,
  author = {Dahinden, Dominic and Robin, Oriane and Potdevin, Joséphine},
  organization = {EPFL},
  title = {Small Radio Telescope
Hardware Installation Manual},
  year = {2022},
  date = {22/02/2022}
}