
@article{furstenberg_single-molecule_2013,
	title = {Single-molecule localization microscopy – near-molecular spatial resolution in light microscopy with photoswitchable fluorophores},
	volume = {15},
	issn = {1463-9076, 1463-9084},
	url = {https://xlink.rsc.org/?DOI=c3cp52289j},
	doi = {10.1039/c3cp52289j},
	pages = {14919},
	number = {36},
	journaltitle = {Physical Chemistry Chemical Physics},
	shortjournal = {Phys. Chem. Chem. Phys.},
	author = {Fürstenberg, Alexandre and Heilemann, Mike},
	urldate = {2024-11-25},
	date = {2013},
	langid = {english},
}
